2830 5136
24 989 26 1034 ,
78 911 80 916 ¹
126 866 212 1000 De
236 927 529 1004 conditionalium
552 933 728 1005 dictorum
743 929 896 1032 'linguae
922 928 1070 1002 Latinae
1092 953 1159 1000 usu

24 1035 25 1100 l
128 1060 165 1117 et
189 1045 325 1119 ratione
349 1051 558 1182 expositum
581 1053 715 1122 mirum
740 1049 857 1122 videri
880 1047 1041 1138 debeat,
1063 1043 1160 1144 quod
1199 1055 1202 1062 ’

127 1151 232 1237 nemo
249 1163 324 1239 fere
342 1169 522 1262 omnium,
556 1171 620 1270 qui
641 1187 697 1243 'res
718 1168 967 1268 grammaticas
986 1179 1161 1238 tractave-

126 1282 221 1377 rint,
248 1284 385 1358 adrem
400 1226 676 1387 tamdiffusam,
708 1306 782 1363 tam
797 1307 961 1396 gravem,
993 1271 1200 1388 tamdig?

33 1426 43 1440 ”
128 1426 212 1474 nam
245 1392 445 1500 intellectu,
483 1407 694 1481 accuratius
721 1407 997 1500 illustrandam,
1039 1395 1163 1476 dedita

26 1517 43 1600 l
128 1544 239 1623 opera
262 1463 474 1630 incubuerit.
529 1529 622 1600 Nam
643 1529 822 1602 Gerendus
842 1529 989 1620 Ioannes
1006 1524 1162 1617 Vossius,

21 1667 22 1672 ’
128 1644 189 1716 vir
211 1644 348 1742 ingenii
369 1647 506 1746 pariter
520 1649 684 1720 acumine
702 1664 808 1747 atque
825 1649 985 1722 doctrina
1002 1643 1163 1744 magnus,
1230 1651 1232 1660 '

129 1762 251 1837 statim
269 1762 315 1836 ab
333 1764 438 1838 initio
453 1766 508 1838 rei
522 1765 614 1840 bene
628 1767 803 1866 gerendae
818 1767 1081 1868 opportunitate
1097 1789 1167 1836 ex-
1203 1867 1204 1870 Ἴ
1267 1838 1270 1850 ,

131 1885 250 1972 clusus
266 1899 337 1978 est,
364 1883 461 1986 quod
477 1912 621 1998 omnem¹
635 1886 680 1961 de
697 1889 896 1980 enunciatis
912 1881 1164 1987 componendis
1196 1915 1201 1925 ·

132 2033 160 2077 S.
177 2001 372 2077 formandis
385 2003 585 2086 doctrinam
602 2003 985 2104 (Satzbildungelelere)
1002 2029 1067 2106 per
1081 2025 1165 2102 pare·
1182 2049 1186 2058 ι
1214 2079 1216 2086 .

129 2122 322 2198 ticularum
337 2115 556 2203 occasionem
571 2127 698 2224 tetigit.
735 2125 980 2207 Ru'ddimanui
994 2123 1084 2196 liber
1099 2119 1166 2196 do·
1238 2135 1240 2144 “

130 2258 211 2318 ctus
234 2248 324 2314 ‘sane
340 2259 375 2316 et
397 2245 546 2324 minime
568 2247 744 2344 vulgaris,
786 2248 851 2345 qui
871 2273 986 2346 nuper
1002 2243 1166 2344 'primum

18 2363 19 2368 ’
133 2357 175 2434 in
191 2359 382 2434 Gcimania
397 2360 513 2434 editus
529 2377 598 2454 est,
632 2364 671 2435 in
690 2360 759 2439 hac
779 2362 940 2435 do'ctniua
963 2363 1096 2462 pariter
1112 2361 1167 2432 at-

135 2507 205 2582 que
223 2482 359 2555 Sanctii
374 2483 555 2578 Minerva,
582 2483 666 2557 licet
681 2483 857 2575 Perizouii
873 2498 908 2555 et
923 2483 1053 2555 Bauetl
1070 2475 1166 2556 curis

135 2589 258 2691 aucta,
290 2625 354 2672 nos
378 2599 549 2674 destituit.
602 2601 831 2674 Recentiores
850 2616 932 2674 sunt
954 2599 1165 2694 Schellerus,

43 2694 47 2712 .
130 2720 408 2813 Grotefendius,
440 2722 643 2820 Zumptius
703 2723 749 2792 Et
777 2723 856 2796 illos
885 2722 1031 2820 quidem
1056 2720 1170 2830 vepbo
1249 2803 1253 2818 .

135 2830 292 2941 tetigisse
308 2840 393 2912 satis
411 2853 483 2930 est;
516 2841 662 2940 Zumpt'
650 2867 706 2926 ius
721 2855 856 2933 autem,
883 2863 1007 2913 eorum
1020 2865 1087 2939 qun
1075 2836 1169 2909 ho-

17 2963 90 3054 )
136 2960 196 3034 die
212 2959 363 3032 Latinae
381 2958 634 3063 grammaticae
651 2983 795 3060 operam
812 2897 915 3053 duint,
948 2957 1052 3032 l'aeile
1074 2954 1169 3058 peri·

136 3078 315 3171 tissimus,
343 3103 425 3151 cum
440 3074 487 3148 ab
504 3076 648 3188 optimis
664 3076 901 3150 fundamentis
918 3103 1035 3170 orsus,
1063 3091 1098 3148 et
1112 3074 1171 3146 iu-

137 3200 230 3299 signi
256 3199 421 3272 acumine
450 3212 484 3268 et
512 3177 692 3296 praeclara
708 3198 891 3272 doctriua
907 3187 1041 3272 liluum
1066 3221 1170 3271 suum
1230 3179 1233 3190 ¹
1275 3212 1280 3224 '

139 3318 340 3408 exornarit,
359 3317 403 3390 de
417 3315 715 3390 conditionalibus
728 3317 832 3392 dictis
846 3317 938 3390 nihil
953 3319 1046 3410 fere,
1066 3344 1171 3419 pcae-

58 3499 61 3512 .
139 3457 194 3514 ter
213 3439 352 3513 notulas
371 3437 543 3537 quasdam
566 3419 666 3510 forte
679 3421 814 3513 oblatas
838 3442 966 3541 posuit.
996 3439 1087 3538 (tid.
1107 3439 1169 3514 Gr.

141 3593 178 3666 p.
197 3541 280 3639 391'.
300 3559 404 3662 sqq.)
459 3557 715 3633 Ramsltornius
737 3578 877 3652 autem,
907 3562 951 3634 V.
975 3562 1041 3655 Π,
1077 3585 1176 3652 cum,
1258 3543 1260 3563 ¹

143 3683 238 3784 quod
260 3707 331 3754 non
353 3680 461 3752 libuit
482 3679 562 3768 aliis
583 3679 781 3780 plerisque,
816 3679 860 3752 de
883 3695 1002 3754 nostro
1024 3681 1101 3754 loco
1123 3705 1173 3754 ex

141 3803 299 3906 professo
324 3825 426 3900 agere
449 3798 659 3870 instituisset
679 3797 735 3899 (p.
756 3809 839 3875 581.
858 3777 979 3900 ἕψῃ)
1014 3825 1095 3874 eam
1115 3823 1176 3894 ra·
1154 3841 1179 3856 ..

133 3931 277 4004 tionem
294 3925 394 4017 iniit,
418 3885 509 4022 qued
525 3947 596 3994 non
612 3945 731 3994 errore
747 3921 872 4027 modo,
899 3939 940 3996 ut
955 3920 1174 3996 levissimum
1209 3946 1212 3956 ’

125 4047 280 4136 dicam,
306 4039 485 4132 laborare,
511 4039 603 4114 sed
591 4065 664 4113 tam
681 4041 720 4114 in
735 4041 822 4142 ipsis
836 4042 1023 4142 principiis
1038 4042 1087 4112 ita
1102 4037 1176 4110 sibi

146 4193 218 4242 non
231 4179 392 4240 constare
408 4160 569 4256 vidam,
595 4176 636 4236 ut
651 4163 789 4262 regulas
803 4190 850 4236 ex
866 4164 930 4236 illo
942 4162 1038 4236 fonte
1052 4150 1181 4233 ductas
