2830 5136
668 350 920 494 -caJ-
1004 379 1030 425 ¹

277 585 426 645 eventus
447 597 518 646 non
547 572 647 673 prius
676 557 797 646 iocum
818 550 988 652 rideatur
1004 599 1081 648 esse
1110 571 1313 676 habiturus,

277 719 387 828 quam
410 692 633 786 conditione,
676 711 766 794 quae
783 689 909 768 =nunc'
925 693 1046 768 futura
1071 693 1312 796 exspectatur,
1407 757 1408 772 ,

275 815 349 886 iam
369 811 543 887 absoluta.
602 811 645 886 Id
668 837 753 884 vero
778 813 906 918 Graeci
913 814 1060 898 aoristo
1085 814 1312 888 coniunctivo

251 933 506 1032 'significari
493 959 533 1006 ιιι
555 929 613 1004 his
635 910 742 1004 dictis
764 932 970 1006 voluerunt:
997 933 1226 1026 coniunctivo
1247 955 1315 1004 au·
1408 1029 1409 1034 ἵ

274 1071 348 1128 tem
372 1055 599 1160 praesentis
580 1079 722 1128 causam
739 1069 774 1126 et
788 1069 955 1148 eventum
975 1076 1046 1154 uno
1068 1054 1142 1126 sere
1165 1047 1314 1128 eodem-

202 1167 215 1213 ’·
275 1202 356 1277 que
360 1177 531 1276 temporis
549 1178 727 1248 momento
744 1173 902 1248 mordere
909 1231 934 1268 ‚
954 1201 1025 1247 non
1047 1172 1228 1246 indefinite
1248 1173 1313 1246 fu-

201 1293 204 1306 '
221 1312 224 1319 '
273 1309 372 1386 tura,
397 1291 515 1393 (quod
530 1293 650 1366 sutura
666 1291 852 1365 indicativi
866 1293 1025 1392 exprimi
1040 1291 1143 1383 solet3
1169 1289 1231 1363 sed
1249 1315 1308 1383 eo,

186 1506 187 1523 ἵ
271 1423 314 1482 ut
345 1409 532 1485 eveniendi
561 1410 749 1483 necessitas
779 1410 976 1482 arctissime
1007 1423 1043 1482 et
1074 1407 1307 1508 inseparabili

271 1531 379 1606 modo
396 1557 478 1607 cum
495 1540 600 1622 causa
612 1531 829 1612 absolvenda
844 1533 965 1606 iuncta
974 1532 1046 1625 sit,
1074 1532 1149 1604 sive
1168 1529 1307 1604 accidat
1332 1547 1339 1553 ·

219 1735 226 1744 ,
270 1651 420 1725 simulac
441 1675 547 1725 causa
570 1650 783 1725 absolvatur.
834 1651 916 1724 Iure
930 1651 1168 1724 Buttmannus
1184 1649 1224 1722 in
1242 1649 1304 1723 Gr.

159 1761 163 1772 ¹
254 1775 333 1850 ’θι.
356 1775 380 1849 l.
399 1801 430 1870 c.
454 1775 654 1858 Hermanni
671 1749 822 1873 vestigia
837 1788 976 1846 secutus
999 1769 1069 1846 hoc
1083 1768 1228 1852 dicendi
1243 1793 1307 1868 ge-

163 1958 166 1968 .
267 1922 342 1998 ints⁸
352 1898 402 1969 ita
419 1895 598 1998 designat:
625 1900 854 1989 Moglichkeie
868 1901 937 1966 mit
945 1899 1112 1968 Auscicht
1127 1893 1202 1982 aus
1208 1895 1305 1961 Eat:

222 2043 225 2051 ¹
268 2020 470 2108 scheidung.
496 2011 635 2086 Eius
623 2037 809 2084 mnumera
826 2011 900 2084 fere
923 2010 1088 2112 exempla
1102 2010 1305 2083 mirumest
1400 2061 1401 2066 κ

209 2215 218 2224 ,
267 2134 397 2244 quod
397 2133 508 2206 adeo
503 2133 748 2233 praetervidit
776 2134 1048 2234 hungerus,
1043 2147 1232 2206 uteorum
1255 2157 1305 2206 ne
1383 2201 1386 2206 .

265 2253 377 2329 verbo
393 2251 557 2353 quidem,
584 2275 651 2326 nec
667 2252 706 2324 ιιι
722 2251 883 2352 exceptis
901 2250 945 2324 de
962 2251 1144 2326 communi
1153 2306 1164 2344 ,
1191 2237 1303 2350 quam

156 2434 167 2444 ..
182 2366 210 2452 ’,
263 2397 395 2474 ponere
413 2387 571 2464 conatur,
588 2371 710 2471 regula
727 2371 941 2445 meminerit.
984 2371 1082 2445 Haec
1097 2386 1156 2444 est
1165 2369 1229 2444 illa
1243 2364 1303 2444 di

196 2551 228 2572 ,,
263 2489 504 2582 ιθιιᾶιιιιιιο,
537 2489 664 2586 inqua
684 2485 810 2575 futura
830 2481 1009 2586 simplicia
1032 2489 1169 2578 exactis
1192 2485 1302 2562 indu-

263 2604 385 2678 cendis
401 2629 508 2705 saepe
522 2603 723 2696 oblitterata
737 2603 827 2678 dicit
837 2605 1052 2677 Goerenvius
1067 2603 1112 2676 ad
1121 2603 1297 2706 Legg.=lI.
1314 2598 1318 2607 ’
1350 2670 1353 2678 .

265 2739 323 2818 18,
336 2733 394 2800 45.
410 2739 444 2796 et
454 2723 546 2798 ,ahai
558 2723 708 2824 saepius.
736 2721 806 2796 Sed
821 2748 893 2832 non
905 2722 1021 2816 video,
1039 2749 1105 2798 cur
1116 2751 1189 2798 non
1201 2724 1297 2798 idem

115 2854 145 2948 ι’
260 2847 401 2918 inverso
418 2842 545 2917 ordine
559 2841 702 2938 factum
711 2837 852 2916 dicatur
867 2868 952 2917 esse.
992 2843 1086 2917 Nam
1102 2859 1297 2944 utrumque

259 2980 399 3063 tempus
416 2961 580 3034 futurum
595 2955 694 3032 haud
711 2957 840 3060 magno
855 2959 1063 3036 discrimine
1084 2964 1294 3066 interposito
1354 3016 1358 3024 1

96 3083 107 3114 ·’
181 3129 191 3140 f
249 3079 364 3154 xfacile
388 3076 601 3150 commutari
623 3091 731 3177 patet.
781 3077 873 3151 Vide
889 3079 963 3153 Cic.
969 3063 1029 3154 ad
1044 3081 1200 3184 Diverss
1222 3081 1291 3156 XI.

215 3153 241 3196 't

262 3211 319 3276 11.
334 3203 610 3274 Melevolentiae
624 3227 654 3270 ιι
649 3203 820 3293 Ῥοιειίι,
839 3225 1013 3273 occurres:
1037 3209 1071 3274 ei
1085 3232 1152 3276 non
1163 3218 1294 3297 potue·

83 3373 86 3384 ,
188 3334 195 3344 ’
257 3325 326 3405 ris,
353 3325 416 3391 hoc
432 3321 552 3414 consol
537 3321 650 3391 lubere
634 3345 744 3420 sqq.
785 3319 849 3394 Sic
866 3319 1123 3398 Ειιιθιιιιιθ
1091 3324 1291 3412 Graeviana

256 3440 331 3511 sine
346 3413 432 3513 Mss.
451 3463 597 3512 assensu
619 3444 652 3510 si
674 3467 742 3508 non
761 3445 916 3533 poteris,
942 3417 1108 3517 videlicet
1124 3445 1290 3544 paritatis
1398 3436 1410 3533 ι

255 3583 378 3654 causa,
405 3562 480 3633 sive
481 3560 580 3662 quis
596 3560 873 3636 concinnitatem
889 3557 1008 3637 dicere
1032 3561 1152 3640 malit:
1183 3561 1290 3664 quod

248 3695 319 3782 pro
334 3681 647 3782 interpretamento
663 3670 889 3776 habendum,
922 3679 1059 3767 etiamsi
1075 3681 1161 3782 Mss.
1180 3707 1288 3784 prae-

108 3789 112 3796 ’
150 3887 154 3896 s
218 3843 222 3860 =
252 3801 398 3893 herent,
420 3800 719 3903 nondubitarem.
757 3807 990 3906 occursurum
1004 3801 1284 3899 malevolentiae,
1341 3853 1345 3860 a
1385 3889 1387 3894 ¹

251 3925 430 4030 incertum
444 3948 516 4025 quo
531 3939 689 4026 tempore
698 3981 708 4018 ,
729 3922 835 3997 mado
848 3919 987 4026 futuro,
1005 3938 1176 4026 tanquam
1189 3927 1285 4000 ueri-

181 4075 184 4082 ·
250 4045 367 4154 simile
381 4046 505 4147 ponit,
538 4044 718 4154 siquidem
734 4044 785 4118 rei
800 4043 891 4116 ratio
907 4046 1107 4144 permittat,
1126 4039 1185 4120 'de
1208 4075 1282 4148 quo
1302 4127 1312 4141 ,

250 4161 409 4238 nondum
419 4163 552 4238 certior
566 4161 678 4237 factus
691 4177 743 4264 est
750 4160 985 4261 'experiendo
1013 4163 1104 4238 Illud
1116 4163 1279 4260 alterum,

249 4285 367 4356 ιὲιιοιι·
378 4289 537 4378 potraen's
561 4279 632 4356 hoc
653 4279 766 4374 ualet,
801 4279 833 4352 si
854 4281 1056 4386 periculum
1075 4284 1209 4360 factum
1232 4290 1281 4362 sit
1322 4346 1329 4360 ,
