2830 5136
880 289 984 310 ,ιι

246 539 473 618 m'a'nifesttnn
485 552 547 612 est.
587 536 678 612 Nam
694 537 726 610 si
742 537 908 638 ponimus
922 523 1011 612 hoc:
1038 543 1070 612 si
1087 565 1174 610 nanc
1189 542 1273 632 scio,

169 693 174 707 ·
246 668 370 734 atatim
383 676 464 756 poet
477 663 593 730 dicam
603 689 615 744 3
637 672 672 732 et
687 661 842 730 sisciam
854 662 1057 752 aliquando,
1075 686 1156 728 mox
1167 662 1275 750 etianp

37 833 40 842 .
150 773 154 786 ’
229 787 384 886 ἱιιιίκιιης
417 765 576 850 oratioue
593 774 738 875 obliqua
755 775 942 854 enunciata
964 770 1016 848 sic
1034 771 1193 874 'habeant
1213 795 1276 846 ue-

245 925 340 976 cesse
356 911 427 972 est:
464 899 541 967 dico
564 922 593 968 s.
610 899 728 966 dicam
736 947 766 980 ‚.
785 922 840 964 me
857 898 981 976 statim
999 911 1080 988 pest
1097 899 1278 966 dicturum

121 1102 123 1110 Ι
245 1025 277 1103 si
294 1033 385 1090 nuuc
401 1019 531 1099 eciam,
554 1027 590 1086 et
606 1017 703 1098 dico,
727 1037 784 1084 me
800 1037 888 1084 mox
902 1011 1101 1105 dictinum,
1118 1013 1150 1086 si
1165 1011 1278 1085 sciam

129 1129 152 1142 ”
244 1133 447 1238 aliquando.
485 1131 604 1232 Atque
620 1131 672 1206 sie
690 1129 922 1204 iudicandum
936 1129 1026 1206 illud
1037 1129 1217 1206 Ciceronis
1229 1129 1278 1233 aii
1402 1213 1404 1234 J

243 1255 404 1332 Atticum
422 1251 521 1328 XIV.
541 1267 602 1332 22.
627 1245 721 1324 mihi
743 1233 903 1326 venitin
922 1265 1097 1344 mentem,
1123 1251 1155 1323 si
1169 1251 1277 1324 Pom-
1328 1251 1331 1256 “
1402 1241 1403 1244 '

76 1470 82 1485 ἱ
108 1447 113 1462 .
223 1375 347 1477 ‘peius
359 1397 443 1448 cum
456 1371 618 1454 exercitu
633 1369 772 1462 veniat3
788 1411 839 1426 -
858 1383 954 1444 certo
970 1369 1046 1444 fore
1061 1367 1204 1444 bellum.
1220 1405 1275 1422 --
1323 1446 1325 1455 y

117 1509 124 1520 “
147 1485 174 1582 ,’
242 1494 335 1571 Num
346 1507 443 1568 recte
455 1491 613 1564 oratione
625 1488 763 1591 prolata
776 1488 860 1560 talia
873 1489 1010 1590 possint
1017 1515 1109 1570 esse:
1128 1489 1161 1562 si
1168 1489 1276 1562 Pom.

241 1616 344 1716 peius
359 1613 458 1689 venit
474 1611 571 1709 (sive
585 1607 723 1708 veniet)
740 1635 823 1684 cum
837 1611 1018 1706 exercitu,
1043 1610 1178 1684 bellum
1193 1613 1275 1688 erit.

241 1731 295 1805 Ita
313 1729 368 1812 ib.
384 1729 467 1804 XV.
482 1737 541 1805 14.
558 1727 749 1821 assentior,
775 1727 808 1800 si
821 1725 974 1802 muttum
989 1729 1100 1828 possit
1108 1726 1278 1804 Octavia-

241 1879 328 1945 nus,
351 1893 404 1906 -
435 1865 515 1926 acta
535 1849 681 1943 tyranni
703 1838 976 1947 comprobatum
1006 1847 1066 1920 iri.
1118 1847 1275 1926 Diverss.

241 1971 341 2048 XIV.
358 1987 392 2049 s.
409 1989 444 2046 ι.
458 1968 483 2045 f.
509 1965 607 2068 quod
622 1965 768 2059 scribis,
789 1980 843 2059 te,
858 1991 896 2038 si
885 1965 1036 2058 velim,
1057 1964 1174 2040 adme
1188 1968 1280 2040 veu-‘
1367 2045 1369 2052 .

178 2155 181 2160 .
240 2109 363 2168 turum
380 2117 477 2214 sqq
512 2086 721 2178 Eadem,
692 2112 724 2156 si
740 2110 761 2156 a
778 2085 977 2212 ριιιιιιίιίι
998 2077 1175 2218 pendeant
1189 2109 1278 2160 con-

119 2257 121 2262 ·
240 2201 372 2292 similia
387 2225 503 2320 erunt.
551 2209 666 2293 Dixi,
691 2235 745 2276 me
762 2233 1006 2300 responsurum
1022 2211 1054 2276 si
1065 2209 1180 2282 eciam
1192 2232 1276 2278 ora-

240 2333 335 2408 tione
352 2347 460 2408 recta
465 2313 603 2403 utentes
621 2341 656 2402 et
673 2313 725 2402 sic
748 2339 884 2400 vertere
907 2326 1100 2424 possimus:
1134 2332 1166 2400 si
1190 2312 1282 2416 scic,¹

242 2460 380 2538 dicam,
419 2464 455 2524 et
477 2454 510 2520 ei
530 2452 665 2530 sciam,'
699 2449 828 2516 dicam.
884 2445 932 2516 Et
952 2443 1004 2518 sic
1025 2443 1105 2536 Liv.
1131 2446 1192 2520 111.
1213 2462 1273 2522 61.

140 2549 144 2557 Ι
242 2570 395 2670 (Consul
408 2565 610 2642 meminisse
626 2561 820 2658 intebea)
837 2603 888 2630 -.-
913 2562 945 2633 si
960 2559 1101 2642 fortuna
1116 2564 1201 2662 hessi
1215 2567 1275 2639 in-

241 2692 349 2765 clinet
357 2746 367 2782 ,
386 2687 548 2760 omnium
561 2682 686 2762 titteris
701 2680 749 2754 ab
762 2695 815 2756 tot
830 2679 990 2754 millibus
1005 2663 1163 2758 hostium
1177 2685 1274 2784 peri-

228 2811 361 2885 culum
376 2808 464 2882 fore.
500 2805 648 2880 Tacitus
664 2795 794 2874 Annal.
812 2799 840 2872 Ι.
860 2813 916 2874 13.
944 2795 1144 2900 (Augustas
1157 2801 1273 2901 dixit)

179 2981 182 2992 ·
240 2934 283 3006 L.
299 2918 511 3007 Arruntium
527 2950 599 2998 non
614 2921 803 3020 indiguum
819 2917 915 3017 (etse
929 2919 1101 3026 imperio)
1116 2904 1151 2996 et
1167 2924 1199 2996 si
1213 2948 1274 2996 ca-

241 3079 301 3128 sus
316 3049 490 3138 (taretin,
511 3064 692 3116 ausurum.
744 3041 854 3114 Recta
868 3029 981 3114 oratio
995 3041 1107 3122 foret:
1136 3043 1275 3116 Lucius

240 3169 450 3260 Annuntius,
476 3163 508 3237 si
523 3188 624 3236 casus
639 3155 791 3244 (lateus.
806 3155 968 3253 dautur,
988 3159 1146 3234 audebit.
1169 3183 1176 3191 ·
1196 3153 1281 3238 int-³

240 3288 437 3393 perfectum
460 3307 544 3356 vero
560 3295 604 3355 et
631 3304 795 3380 praesens
822 3275 1003 3353 enunciati
1026 3275 1273 3353 conditionalis

241 3408 366 3484 eodem
381 3406 460 3480 iure
475 3415 579 3493 sunt,
604 3413 646 3471 ut
662 3412 698 3470 et
712 3397 752 3470 ia
768 3395 848 3469 aliis
862 3395 1027 3470 vidimus.
1080 3397 1197 3470 Unam
1217 3413 1273 3472 ta·
1295 3479 1297 3485 ¹

241 3538 324 3602 men
341 3521 549 3622 exemplum
568 3501 672 3610 novi,
698 3534 771 3616 quo
789 3499 1309 3618 otshanc1psainamuigui-1

241 3657 368 3735 tatem,
394 3666 460 3742 pra
478 3651 659 3740 praesente
676 3635 896 3708 coniunctivi
910 3634 1071 3718 futurum
1085 3635 1275 3716 indicativi

240 3761 435 3864 reperitur,
455 3775 490 3832 et
505 3757 569 3832 tali
582 3755 730 3856 quidem
743 3745 856 3828 forma
864 3810 875 3848 ,
898 3769 938 3828 ut
951 3751 994 3826 dc
1010 3757 1205 3830 mutatione
1221 3760 1274 3834 le-

242 3880 368 3958 ctionis
381 3877 531 3976 cogitari
542 3875 646 3978 plane
659 3900 731 3948 nou
742 3872 863 3973 possit.
891 3873 955 3944 Est
965 3871 1055 3964 illud
1067 3872 1105 3946 iu
1113 3874 1186 3949 Cic.
1197 3875 1271 3953 Off.
1341 3908 1346 3915 ·
1390 3869 1402 3946 i

140 4016 143 4025 '
240 4003 302 4076 111.
321 4014 380 4078 33.
396 3997 422 4070 s.
441 3993 581 4094 tibique
595 3991 785 4094 persuade,
803 4016 877 4076 esse
894 4004 928 4062 te
945 3989 1196 4090 quideninaihi
1207 4023 1273 4068 ca.

236 4124 435 4211 tissimum,
452 4111 514 4190 sed
528 4112 639 4188 multo
653 4113 729 4186 iore
745 4111 930 4202 cariorem,
949 4111 982 4183 si
997 4112 1129 4186 talibus
1144 4139 1272 4190 manu-

242 4233 370 4316 meutis
387 4232 656 4338 praeceptisque
670 4228 856 4306 laetabere.
885 4223 1033 4304 L'aetere
1050 4248 1243 4332 exspectes.
