2830 5136
511 303 762 428 ...49...

122 529 174 604 las
197 529 413 632 posuimus,
433 483 631 616 constanter
653 527 834 604 observari
856 531 979 609 solent
1031 533 1166 610 Prima

122 647 383 744 enimettertia
396 645 1005 726 classisenunciatumconditionale
1018 670 1152 732 atcun-
1182 645 1184 650 ’
1274 713 1278 726 .

75 767 83 779 “
120 762 322 836 secutivum
335 765 387 837 ita
405 759 539 863 iungit,
572 779 613 838 ut
629 787 650 837 a
665 764 895 866 loquentibus
908 769 1132 846 iudicium
1102 801 1159 848 sn

121 881 199 958 mul
222 883 380 958 additum
401 885 505 978 insit,
537 910 624 958 num
648 885 939 989 calamumque,
970 892 1028 966 vel
1045 893 1154 968 alter·
1183 885 1188 888 ’

121 1016 244 1078 utrum
266 1029 330 1078 suo
354 1001 472 1077 adhuc
495 1017 654 1104 tempore
675 1003 757 1101 fiat,
790 1007 848 1080 vel
861 1001 980 1086 adhuc
994 1009 1155 1088 futurum

121 1125 186 1219 sit,
218 1126 275 1200 vel
296 1126 368 1200 iam
390 1138 591 1226 peractum,
618 1149 728 1226 quara
744 1141 902 1228 tempora
917 1131 1035 1204 omnia
1049 1131 1159 1206 absc·

24 1295 26 1308 ι
119 1240 195 1337 luta
211 1273 277 1322 suo
292 1246 460 1348 quodque
476 1239 555 1320 iure
572 1246 735 1346 copulata
753 1251 999 1348 reperiuutru:
1033 1252 1168 1342 relati-v

75 1358 89 1402 '¹
119 1393 249 1451 rorum
263 1393 348 1442 vero
363 1367 613 1470 imperfectum
626 1381 661 1440 et
674 1366 1074 1471 plusquamperfectum,
1093 1363 1156 1448 sect

119 1487 267 1566 nonnisi
284 1514 349 1591 per
365 1488 505 1588 ellipsin
521 1486 711 1588 quandam.
754 1487 920 1564 Ceterum
934 1489 1049 1564 futuri
1064 1506 1157 1565 tem-
1214 1478 1218 1484 ¹

29 1623 32 1630 ⁴
119 1607 222 1711 poris
236 1608 343 1698 tertia
358 1606 498 1701 classis,
532 1606 704 1706 quoniam
723 1595 973 1685 rem‘futuram'·
986 1611 1066 1686 fieri
1079 1635 1157 1686 non

119 1731 298 1833 posse'vel
310 1757 385 1807 esse
399 1727 611 1805 incredibile
625 1743 666 1803 ut
679 1727 761 1823 fiat,
782 1732 950 1805 continuo
966 1729 1157 1808 asseverari
1201 1767 1206 1772 ·
1238 1718 1245 1732 ’
1292 1726 1294 1732 ’

15 1934 19 1942 ,
118 1879 194 1930 non
209 1867 335 1954 potest.
377 1853 419 1926 In
436 1847 624 1926 ordinibus
640 1847 794 1924 secundo
810 1865 846 1924 et
862 1844 990 1950 quarto
1006 1851 1157 1952 loquen-
1237 1934 1243 1952 ¹

118 1969 403 2054 tium'indicium
418 1971 464 2046 de
480 1988 639 2074 tempore
654 1971 804 2046 actionis
821 1971 867 2044 ad
882 1973 1080 2078 ipsorum
1064 1988 1156 2047 tem-

119 2119 208 2214 pora
223 2094 334 2168 relato
350 2092 472 2166 abest:
493 2105 618 2192 regnat
635 2091 748 2192 igitur
764 2090 826 2165 lex
844 2115 905 2186 ea,
930 2106 973 2166 ut
986 2067 1156 2166 relativae

119 2218 324 2314 temporum
338 2210 476 2282 somnae
490 2206 669 2280 absolutas
690 2207 748 2280 vel
764 2210 913 2282 aoristos
928 2211 1154 2285 comitentur.

119 2330 199 2406 Et
187 2356 227 2402 ιιι
243 2325 396 2439 secundo
413 2321 560 2424 quidem
577 2303 718 2416 ordine,
745 2349 810 2423 qui
799 2322 1000 2410 'definita
985 2327 1169 2425 temporis,

67 2521 70 2526 ,
119 2466 223 2543 nota,
245 2463 287 2524 ut
300 2433 340 2522 in
355 2472 395 2521 re
410 2469 588 2546 prorsus
562 2445 722 2538 incerta,
745 2459 858 2540 caret,
884 2447 1046 2520 aoristus
1045 2471 1159 2548 prae*

119 2570 229 2646 sentis
251 2564 400 2668 apodesi
421 2564 615 2664 peculiaris
633 2577 696 2638 est.
750 2562 905 2658 Quartus
919 2581 1039 2668 aqtem
1053 2565 1157 2649 stitu-
1184 2605 1188 2610 ·

118 2715 203 2766 rum
216 2687 274 2760 vel
289 2682 542 2784 imperativum
556 2683 614 2755 vel
629 2683 799 2754 nemetum
813 2687 1026 2782 praesentis,
1045 2689 1168 2776 tactio-¹

86 2833 206 2889 ,nem
228 2803 405 2876 infinitam
428 2800 589 2899 quolibet
607 2807 813 2882 eventuram
835 2799 995 2902 tempore
1018 2805 1156 2904 signifi*
1241 2783 1262 2852 “.
1301 2901 1306 2914 „
1350 2815 1353 2824 ¹

118 2939 280 3015 cantem,
313 2923 526 3028 suspensum
540 2915 691 2992 exhibet
713 2917 871 2994 afuturo
877 2925 1053 3015 exacto,
1049 2947 1158 3030 qun-

86 3044 219 3142 κιιίιιιιι
242 3041 318 3114 eius
342 3051 470 3111 natura
499 3035 562 3110 illa
587 3050 671 3130 est‚=
700 3051 741 3110 ut
764 3058 841 3110 rem
862 3038 902 3112 in
923 3037 1046 3112 futuro
1069 3063 1163 3140 per-²

117 3178 235 3238 antam
251 3158 471 3238 contineat

16 3289 18 3296 ’
114 3353 117 3362 ,
220 3263 356 3352 Verum
372 3285 463 3348 sunt
469 3273 633 3374 exempla
650 3297 722 3346 non
739 3297 821 3358 sane
841 3297 975 3374 pauca,
1008 3287 1045 3346 et
1060 3273 1154 3375 opti-

117 3422 206 3476 ntae
215 3395 362 3498 quidem
380 3406 484 3466 uotae
500 3393 733 3496 scriptorum,
764 3392 805 3464 in
821 3391 952 3492 quibus
966 3391 1045 3465 illas
1061 3392 1152 3492 legi-

48 3563 51 3571 ·
116 3519 223 3592 times
239 3530 274 3588 ct
289 3511 393 3615 quasi
407 3510 566 3584 solennes
580 3509 724 3586 dicendi
735 3509 868 3583 formas
882 3510 1058 3610 neglectas
1072 3514 1152 3586 ani-
1189 3583 1208 3595 ,,

18 3715 19 3720 ,
118 3633 388 3711 ιιιιιιῖιοιῐιιιιιιι.Ι
438 3629 664 3723 Permutatur
680 3615 778 3700 ¹enim
800 3653 912 3726 genus
933 3631 1093 3729 primum
1115 3645 1168 3704 etl

118 3751 335 3845 secundum,
367 3748 433 3824 ubi
456 3748 626 3827 sententia
650 3747 796 3845 paulum
826 3745 1059 3844 inflexaes13
1098 3751 1150 3824 ita

118 3899 194 3950 non
215 3869 322 3943 modo
338 3854 525 3947 indicativi
542 3866 787 3950 conditionum
803 3867 1046 3969 coniunctivos
1063 3894 1149 3942 con-
1171 3867 1172 3870 ’

120 4003 306 4092 sequentes
317 3987 389 4062 sibi
402 3988 549 4086 adiungi
563 3988 760 4088 patiuntur,
771 3977 1037 4093 'etponiunctivi
1051 3988 1150 4064 indi-
1220 4079 1228 4096 ι

119 4112 267 4205 catinos,
282 4109 501 4210 temporibus
513 4108 658 4208 quidem
670 4109 833 4183 servatis:
855 4110 917 4184 sed
929 4096 1148 4186 cuniunctivi

120 4231 228 4312 etiam
236 4287 250 4354 ².
266 4231 440 4338 actionem
453 4226 630 4308 infinitam
645 4227 889 4352 significantes·
896 4229 1075 4314 interdum
1088 4231 1148 4314 tu-

22 4359 32 4372 .
330 4357 334 4368 ,
734 4354 756 4422 4
966 4377 972 4394 1
1020 4364 1024 4372 Ι
