2830 5136
397 98 416 130 a

440 177 443 196 ,
501 145 516 186 t

492 299 743 369 -13-
858 281 862 292 '

102 443 260 572 repetere
276 498 347 544 non
364 471 500 571 placat,
522 469 592 543 sad
598 405 755 544 lireviter
770 484 958 544 contracta
963 467 1009 544 ab
1023 467 1132 542 altera

99 607 204 692 parte
227 591 430 664 adauctam
451 617 534 662 usus
555 604 784 690 praesentes
774 605 986 666 convertere.
1039 591 1133 664 Nam

100 709 286 798 enunciati
308 709 509 782 secundarii·
524 711 789 804 primamotalis
811 737 885 789 esse
910 711 1045 784 indoles
1067 737 1134 811 po·

93 843 199 921 test-,1
225 845 272 928 ut
287 846 421 924 tempus
440 843 504 925 p'er
524 860 560 911 ιι
567 885 579 918 ,
613 833 687 905 sive
700 831 908 914 ,absolutum
923 823 1061 904 nullum
1076 833 1133 904 in*

100 929 218 1040 dicet,
243 949 319 1023 ,sed
342 951 390 1024 ad
409 954 620 1058 sententiam
644 981 672 1025 s.
696 953 874 1026 actionem
898 929 1134 1053 principalem

100 1067 207 1166 qnasi
222 1068 472 1144 adverbialiter
485 1070 623 1146 dictum
641 1071 692 1145 ita
707 1071 898 1164 referatur,
924 1087 966 1146 ut
979 1072 1036 1146 vel
1054 1087 1135 1142 ante
1252 1074 1257 1086 '

11 1283 13 1288 ,
101 1192 214 1274 hone,
250 1179 369 1264 vel
338 1220 445 1262 eum
441 1198 543 1280 hoc,
573 1192 630 1266 vel
652 1191 736 1288 pest
764 1198 854 1264 hone
877 1191 1017 1266 dicatur
1034 1191 1132 1267 fieri.

99 1309 219 1425 Haec
220 1325 273 1382 est
289 1300 519 1386 relativorum
542 1341 578 1413 q.
597 1312 632 1386 (l.
652 1328 856 1414 temportnn
872 1310 994 1422 ditio,
1014 1337 1081 1412 per
1099 1311 1160 1384 se¹

93 1424 230 1528 neque
241 1427 471 1542 praeteritum
487 1433 706 1532 quidquam,
733 1458 848 1543 neque
863 1436 1047 1532 praesens,
1064 1457 1136 1507 ne-
1165 1442 1166 1449 ’
1263 1415 1266 1438 ’

100 1571 175 1645 que
190 1535 363 1620 futurum
361 1551 597 1646 ponentium,
630 1549 692 1622 sed
706 1565 846 1624 tantum
861 1576 944 1624 oum
957 1549 1137 1651 praesenti

98 1693 267 1769 praesens
281 1694 355 1742 esse
362 1724 373 1760 ,
395 1695 477 1742 cum
490 1671 681 1770 praeterito
689 1725 699 1762 ,
718 1651 801 1743 cuni
815 1671 936 1745 ιιιιιιιο
944 1688 1039 1764 ,aut
1055 1685 1136 1747 aute
1235 1697 1240 1712 ’

99 1781 290 1863 actionem
309 1805 488 1862 narratam
514 1790 669 1884 factum,
712 1806 775 1864 aut
802 1794 886 1891 po'st
914 1806 1135 1865 eventurum.
1171 1849 1173 1853 ι

100 1909 254 2003 Quod
225 1936 257 1982 ιι
271 1909 384 2008 igitur
400 1937 474 1982 une
490 1936 576 2038 cunr¹
588 1897 726 1984 actione
748 1910 939 2011 principali
958 1891 1145 2010 praesenti

99 2031 159 2104 vel
174 2029 295 2104 futura
310 2030 449 2130 aliquid
464 2031 544 2104 fieri
543 1991 711 2124 licitur,
744 2034 923 2140 praesenti
943 2031 1006 2104 vel
1014 2031 1136 2106 futuro

98 2149 256 2250 tempori
279 2149 477 2250 praesentia
503 2137 685 2242 addimus3
725 2166 766 2222 ut
794 2151 833 2223 in
856 2147 929 2224 hoc
951 2149 1134 2248 exempla-2

99 2277 175 2342 Res
192 2275 280 2339 talea
292 2269 439 2360 profero
455 2266 532 2363 (vel
545 2266 752 2364 proferam)
771 2280 812 2338 ιιι
827 2295 925 2338 nemo
942 2283 1138 2360 repugnare

99 2394 246 2463 audeat.
302 2371 344 2459 lu
375 2386 572 2461 enunciatis
602 2400 721 2460 autem
737 2383 1052 2460 conditionalibus
1081 2383 1143 2458 vel·

99 2509 357 2610 temporalibus
381 2506 545 2580 futurum
566 2527 690 2582 rursus
713 2533 798 2580 cum
818 2505 941 2588 futuro
960 2509 1135 2610 socia'tur5

100 2629 196 2700 utin
210 2627 433 2702 hoczsstestea
446 2629 654 2720 proferam,
681 2632 713 2696 ai
731 2633 881 2698 aderunt
903 2628 959 2701 vel
975 2645 1054 2702 cum
1069 2633 1137 2698 od-
1187 2707 1190 2715 Ἀ

30 2771 34 2780 ’
99 2759 217 2822 ἐναιιι.
267 2749 472 2820 Praeteritis
493 2771 579 2818 vero
600 2745 909 2844 qualibuscunque
929 2747 1137 2845 imperfecta
1247 2829 1249 2834 ,
1372 2831 1373 2836 ¹

100 2866 346 2966 adiungenda3
371 2881 411 2938 ut
426 2851 567 2942 inluta:
592 2892 645 2935 res
659 2869 747 2935 talea
758 2867 981 2958 proferebam
994 2863 1139 2963 (a.pro·

101 2985 183 3056 tuti'
194 3015 222 3054 s.
234 2970 479 3081 protuleram)
500 3000 540 3054 ιιι
555 3011 657 3054 neme
676 3011 873 3078 repugnare
890 2990 1047 3056 auderet.
1098 2986 1138 3058 Si
1188 3021 1191 3026 ·

93 3121 185 3180 ente
202 3105 375 3178 actionem
387 3102 624 3203 principalem
636 3117 795 3203 tempore
811 3102 1018 3177 secundaria
1033 3128 1137 3203 prae·

99 3229 267 3320 cesserit
298 3227 337 3298 in
355 3251 427 3326 quo
442 3250 571 3325 genere
592 3249 783 3324 praesens
772 3221 1016 3319 excluditur,
1031 3251 1136 3326 prae
1205 3213 1207 3220 ’

100 3349 247 3422 teritum
262 3348 508 3469 qualectrnque
522 3343 883 3445 plusquamperfecto,
902 3346 1064 3420 faunum
1077 3347 1136 3422 fu
1175 3442 1177 3446 ‚

101 3468 336 3559 turoaltero,
370 3453 469 3565 quod
486 3482 649 3538 aaronem
670 3464 812 3556 dicunt,
845 3465 947 3564 iungi
969 3466 1133 3566 posurlat.

100 3588 210 3662 Velut
227 3585 317 3662 haec
332 3585 497 3686 exempla
513 3601 612 3658 sunt.
639 3589 768 3669 Didia·
784 3612 877 3670 rem,
902 3611 1027 3676 cume.
1042 3591 1136 3681 quoti

91 3711 243 3782 litteras
259 3723 339 3778 tuas
355 3733 578 3800 acceperam:
612 3709 746 3776 discam
758 3709 888 3800 pluro,
913 3709 946 3776 si
962 3711 1056 3799 oliae
1073 3735 1135 3778 ae-

101 3853 222 3920 cepero
238 3855 356 3898 novos.
389 3827 458 3900 Per
472 3817 697 3899 Occasionem
709 3822 866 3907 oblatam
880 3806 1060 3920 notamus,
1077 3830 1135 3900 in⁴

101 3947 230 4047 primis
253 3945 349 4046 apud
364 3945 511 4019 Livium
533 3944 692 4048 aliosque
714 3937 903 4018 historicos
918 3945 1133 4046 >plusquam-

102 4065 301 4164 perfectum
324 4089 428 4165 saepe
451 4091 533 4140 cum
558 4064 689 4136 aorist'o
718 4065 901 4163 praeteriti
922 4065 1134 4138 commutari

103 4186 237 4278 solere,
271 4211 309 4260 re
330 4184 436 4258 etiam
459 4185 603 4259 Graecis
627 4179 876 4274 usitatissima:
897 4200 951 4256 ‘nt
972 4211 1010 4300 ι.ι
1024 4208 1055 4256 c.
1076 4180 1133 4254 di-
